% !Mode:: "TeX:UTF-8"
%[1] Pedregosa F, Varoquaux G, Gramfort A, et al. Scikit-learn: Machine learning in Python[J]. Journal of machine learning research, 2011, 12(Oct): 2825-2830.


@book{实变函数论,
    title={实变函数论},
    author={周民强},
    year={2016},
    edition={3},
    publisher = {北京大学出版社}
}

@book{实变函数与泛函分析,
    title={实变函数与泛函分析},
    author={郭懋正},
    year={2015},
    publisher = {北京大学出版社}
}

@book{InterpolationofOperators,
  title={Interpolation of Operators},
  author={C. Bennett and R. Sharpley},
  year={1988},
  publisher={Academic press}
}

@book{VariableLebesgueSpaces,
  title={Variable Lebesgue spaces: Foundations and harmonic analysis},
  author={Cruz-Uribe and David V. and Alberto Fiorenza},
  year={2013},
  publisher={Springer Science \& Business Media}
}

@article{VariableweakHardyspacesandtheirapplications,
  title={Variable weak Hardy spaces and their applications},
  author={X Yan and D Yang and W Yuan and et al},
  journal={Journal of Functional Analysis},
  volume={271},
  number={10},
  pages={2822-2887},
  year={2016}
}

@article{WeakHardy-typespacesassociatedwithballquasi-Banachfunctionspaces,
  title={Weak Hardy-type spaces associated with ball quasi-Banach function spaces I: Decompositions with applications to boundedness of Calderón-Zygmund operators},
  author={Y Zhang and D Yang and W Yuan and et al},
  journal={Science China Mathematics},
  volume={64},
  pages={2007-2064},
  year={2021}
}

@article{111,
  title={Weighted Variable Hardy Spaces Associated with Para-Accretive Functions and Boundedness of Calderón–Zygmund Operators},
  author={J. Tan},
  journal={The Journal of Geometric Analysis},
  volume={33},
  number={2},
  pages={61},
  year={2023}
}

@book{实分析,
  title={Real analysis: modern techniques and their applications},
  author={Folland Gerald},
  year={1999},
  publisher={John Wiley \& Sons}
}